@inproceedings{miguel2004tempo,
  Title={Tempo and beat estimation of musical signals},
  Author={Miguel Alonso, Bertrand David and Richard, Gaël},
  Booktitle={Proceedings of the International Conference on Music Information Retrieval (ISMIR), Barcelona, Spain},
  Year={2004}
}


@article{ellis2007beat,
  Title={Beat tracking by dynamic programming},
  Author={Ellis, Daniel PW},
  Journal={Journal of New Music Research},
  Volume={36},
  Number={1},
  Pages={51—60},
  Year={2007},
  Publisher={Taylor \& Francis}
}

@misc{sutrich2020beatsaber,
  author       = {Sutrich, Nicholas and Hunt, Cale},
  title        = {Beat Saber: Everything you need to know about the VR Rhythm game},
  year         = {2020},
  accessed     = {Maj 2024},
  url          = {https://www.windowscentral.com/beat-saber-everything-we-know-about-vr-rhythm-game},
}
